@article{Mathias,
author = { Mathias, Sonja and Coulier, Adrien and Bouchnita, Anass and Hellander, Andreas},
address = {Oxford :},
issn = {0092-8240},
journal = {Bulletin of Mathematical Biology},
lccn = {2019204719},
number = {10},
publisher = {Pergamon Press,},
title = {Impact of Force Function Formulations on the Numerical Simulation of Centre-Based Models},
volume = {82},
year = {2020},
}

@article{Khirevich,
title = {Structureâ€“transport correlation for the diffusive tortuosity of bulk, monodisperse, random sphere packings},
journal = {Journal of Chromatography A},
volume = {1218},
number = {37},
pages = {6489-6497},
year = {2011},
issn = {0021-9673},
doi = {https://doi.org/10.1016/j.chroma.2011.07.066},
url = {https://www.sciencedirect.com/science/article/pii/S0021967311010764},
author = {Siarhei Khirevich and Alexandra H\"{o}ltzel and Anton Daneyko and Andreas Seidel-Morgenstern and Ulrich Tallarek}
}

@article{Weissberg,
author = {Harold L. Weissberg},
title = {Effective Diffusion Coefficient in Porous Media},
journal = {Journal of Applied Physics},
volume = {34},
number = {9},
pages = {2636-2639},
year = {1963},
doi = {10.1063/1.1729783},
URL = { https://doi.org/10.1063/1.1729783 },
eprint = { https://doi.org/10.1063/1.1729783 }
}

@inproceedings{Powell,
author = {Michael J.D. Powell},
editor = {Roger Fletcher},
booktitle = {Optimization},
title = {A method for Non-linear Constraints in Minimization Problems},
year = {1969},
publisher = {Academic Press},
organization = {Institute of Mathematics and Its Applications},
address = {London},
pages = {283-298}
}
